
@ARTICLE{MMCSS,
  author = {Cybenko, George},
  title = {Approximation by superpositions of a sigmoidal function},
  journal = {Mathematics of control, signals and systems},
  chapter = {2.4},
  year = {1989},
  pages = {303-314},
}

@BOOK{PMO,
  author = {Snyman, Jan},
  title = {Practical mathematical optimization: an introduction to basic optimization theory and classical and new gradient-based algorithms},
  publisher = {Springer Science & Business Media},
  year = {2005},
}

@article{DBLP:journals/isci/Wu09a,
  author    = {Huaiqin Wu},
  title     = {Global stability analysis of a general class of discontinuous neural
               networks with linear growth activation functions},
  journal   = {Inf. Sci.},
  volume    = {179},
  number    = {19},
  pages     = {3432--3441},
  year      = {2009},
  url       = {http://dx.doi.org/10.1016/j.ins.2009.06.006},
  doi       = {10.1016/j.ins.2009.06.006},
  timestamp = {Thu, 03 Sep 2009 13:10:24 +0200},
  biburl    = {http://dblp.uni-trier.de/rec/bib/journals/isci/Wu09a},
  bibsource = {dblp computer science bibliography, http://dblp.org}
}

@inproceedings{DBLP:conf/icic/GashlerA14,
  author    = {Michael S. Gashler and
               Stephen C. Ashmore},
  title     = {Training Deep Fourier Neural Networks to Fit Time-Series Data},
  booktitle = {Intelligent Computing in Bioinformatics - 10th International Conference,
               {ICIC} 2014, Taiyuan, China, August 3-6, 2014. Proceedings},
  pages     = {48--55},
  year      = {2014},
  crossref  = {DBLP:conf/icic/2014-3},
  url       = {http://dx.doi.org/10.1007/978-3-319-09330-7_7},
  doi       = {10.1007/978-3-319-09330-7_7},
  timestamp = {Mon, 07 Jul 2014 12:47:57 +0200},
  biburl    = {http://dblp.uni-trier.de/rec/bib/conf/icic/GashlerA14},
  bibsource = {dblp computer science bibliography, http://dblp.org}
}

@article{DBLP:journals/corr/Sussillo14,
  author    = {David Sussillo},
  title     = {Random Walks: Training Very Deep Nonlinear Feed-Forward Networks with
               Smart Initialization},
  journal   = {CoRR},
  volume    = {abs/1412.6558},
  year      = {2014},
  url       = {http://arxiv.org/abs/1412.6558},
  timestamp = {Thu, 01 Jan 2015 19:51:08 +0100},
  biburl    = {http://dblp.uni-trier.de/rec/bib/journals/corr/Sussillo14},
  bibsource = {dblp computer science bibliography, http://dblp.org}
}

https://en.wikipedia.org/wiki/Activation_function#cite_note-2
http://dblp.uni-trier.de/
http://logistica.fime.uanl.mx/miguel/docs/BibTeX.pdf

@ARTICLE{article:Ejemplo,
  author = {Autor Apellidos},
  title = {Titulo del art�culo},
  journal = {Revista de publicaci�n},
  year = {2008},
  pages = {65-73},
  owner = {Administrador},
}

@BOOK{article:Ejemplo,
  author = {Autor Apellidos},
  title = {Titulo del art�culo},
  publisher = {},
  year = {2008},
  pages = {65-73},
}

1. http://cs231n.stanford.edu/reports2016/219_Report.pdf
2. http://news.mit.edu/2016/artificial-intelligence-produces-realistic-sounds-0613
